@article{Kakimoto2022codes,
  author = {Kakimoto, Shunkei and Mieno, Taro and Tanaka, Takashi and Bullock, David S},
  title = {Codes and Data for: Causal Forest Approach for Site-specific Input Management via On-farm Precision Experimentation},
  journal = {Mendeley Data, v1},
  year = {2022},
  doi = {10.17632/y7cdhzww6w.1},
  url = {https://data.mendeley.com/datasets/y7cdhzww6w/draft?a=2e33b309-ca5c-49bc-95ce-9b3920d5544a}
}
